<?xml version="1.0" encoding="UTF-8"?><collection xmlns="http://www.loc.gov/MARC21/slim"><record><leader>00295nam--2200121-i-4500</leader><controlfield tag="001">000028338</controlfield><controlfield tag="002">20161230</controlfield><controlfield tag="005">20161230201037</controlfield><controlfield tag="008">060222s1000------------r-----000-0-eng-d</controlfield><datafield ind1=" " ind2=" " tag="100"><subfield code="a">Ivanov, I.I</subfield></datafield><datafield ind1=" " ind2=" " tag="245"><subfield code="a">Modestov, v.k</subfield></datafield><datafield ind1=" " ind2=" " tag="260"><subfield code="a">Stukkenberg, I.M</subfield></datafield><datafield ind1=" " ind2=" " tag="490"><subfield code="a">Bucuresti,Editura Medicala, 1957. 320p</subfield></datafield></record></collection>